<?xml version="1.0" encoding="UTF-8"?><collection xmlns="http://www.loc.gov/MARC21/slim"><record><leader>00484nam--2200169-i-4500</leader><controlfield tag="001">000049170</controlfield><controlfield tag="002">20161230</controlfield><controlfield tag="005">20161230201047</controlfield><controlfield tag="008">060222s1000------------r-----000-0-eng-d</controlfield><datafield ind1=" " ind2=" " tag="040"><subfield code="a">IFIN-HH</subfield></datafield><datafield ind1=" " ind2=" " tag="080"><subfield code="a">519.281:53</subfield></datafield><datafield ind1="1" ind2=" " tag="100"><subfield code="a">Parratt, Lyman G</subfield></datafield><datafield ind1="1" ind2="0" tag="245"><subfield code="a">Probability and experimental errors in sciene</subfield><subfield code="b">An elementary survey</subfield><subfield code="c">Lyman G. Parrat</subfield></datafield><datafield ind1=" " ind2=" " tag="260"><subfield code="a">New York, John Wiley And Sons, Inc., 1961</subfield></datafield><datafield ind1=" " ind2=" " tag="300"><subfield code="a">XV+255 p</subfield></datafield><datafield ind1=" " ind2=" " tag="852"><subfield code="a">17112</subfield><subfield code="c">519.2</subfield></datafield><datafield ind1=" " ind2=" " tag="CAT"><subfield code="a">Sys</subfield><subfield code="c">20100518</subfield><subfield code="h">134933</subfield></datafield></record></collection>